<record><leader>00000cas a22000007a 4500</leader><controlfield tag="001">20579890</controlfield><controlfield tag="008">891101d19021904mduwr ne      0    0eng d</controlfield><datafield ind1=" " ind2=" " tag="010"><subfield code="a">sn 89060264 </subfield></datafield><datafield ind1=" " ind2=" " tag="040"><subfield code="a">MFN</subfield><subfield code="b">eng</subfield><subfield code="c">MFN</subfield><subfield code="d">OCLCQ</subfield></datafield><datafield ind1=" " ind2=" " tag="042"><subfield code="a">msc</subfield></datafield><datafield ind1="0" ind2=" " tag="130"><subfield code="a">Democrat-journal (Ellicott City, Md.)</subfield></datafield><datafield ind1="1" ind2="4" tag="245"><subfield code="a">The Democrat-journal.</subfield></datafield><datafield ind1=" " ind2=" " tag="260"><subfield code="a">Ellicott City, Md. :</subfield><subfield code="b">L.A. Rettaliata</subfield></datafield><datafield ind1=" " ind2=" " tag="300"><subfield code="a">v.</subfield></datafield><datafield ind1="0" ind2=" " tag="362"><subfield code="a">Vol. 1, no. 1 (Sept. 6, 1902)-</subfield></datafield><datafield ind1="1" ind2=" " tag="362"><subfield code="a">Ceased in 1904.</subfield></datafield><datafield ind1=" " ind2=" " tag="752"><subfield code="a">United States</subfield><subfield code="b">Maryland</subfield><subfield code="c">Howard</subfield><subfield code="d">Ellicott City.</subfield></datafield><datafield ind1="0" ind2="4" tag="780"><subfield code="t">Sykesville journal</subfield></datafield><datafield ind1="0" ind2="4" tag="780"><subfield code="t">Ellicott City Democrat</subfield><subfield code="w">(DLC)sn 83016312</subfield></datafield><datafield ind1="0" ind2="0" tag="785"><subfield code="t">Journal (Ellicott City, Md.)</subfield><subfield code="w">(DLC)sn 89060265</subfield></datafield></record>